% !Mode:: "TeX:UTF-8"

% !Mode:: "TeX:UTF-8"


@article{avants2008symmetric,
  title     = {Symmetric diffeomorphic image registration with cross-correlation: evaluating automated labeling of elderly and neurodegenerative brain},
  author    = {Avants, Brian B and Epstein, Charles L and Grossman, Murray and Gee, James C},
  journal   = {Medical image analysis},
  volume    = {12},
  number    = {1},
  pages     = {26--41},
  year      = {2008},
  publisher = {Elsevier}
}

@inproceedings{balakrishnan2018unsupervised,
  title     = {An unsupervised learning model for deformable medical image registration},
  author    = {Balakrishnan, Guha and Zhao, Amy and Sabuncu, Mert R and Guttag, John and Dalca, Adrian V},
  booktitle = {Proceedings of the IEEE conference on computer vision and pattern recognition},
  pages     = {9252--9260},
  year      = {2018}
}

@article{balakrishnan2019voxelmorph,
  title     = {Voxelmorph: a learning framework for deformable medical image registration},
  author    = {Balakrishnan, Guha and Zhao, Amy and Sabuncu, Mert R and Guttag, John and Dalca, Adrian V},
  journal   = {IEEE transactions on medical imaging},
  volume    = {38},
  number    = {8},
  pages     = {1788--1800},
  year      = {2019},
  publisher = {IEEE}
}

@article{beg2005computing,
  title     = {Computing large deformation metric mappings via geodesic flows of diffeomorphisms},
  author    = {Beg, M Faisal and Miller, Michael I and Trouv{\'e}, Alain and Younes, Laurent},
  journal   = {International journal of computer vision},
  volume    = {61},
  pages     = {139--157},
  year      = {2005},
  publisher = {Springer}
}

@inproceedings{bigalke2023unsupervised,
  title        = {Unsupervised 3d registration through optimization-guided cyclical self-training},
  author       = {Bigalke, Alexander and Hansen, Lasse and Mok, Tony CW and Heinrich, Mattias P},
  booktitle    = {International Conference on Medical Image Computing and Computer-Assisted Intervention},
  pages        = {677--687},
  year         = {2023},
  organization = {Springer}
}

@article{brock2016neural,
  title   = {Neural photo editing with introspective adversarial networks},
  author  = {Brock, Andrew and Lim, Theodore and Ritchie, James M and Weston, Nick},
  journal = {arXiv preprint arXiv:1609.07093},
  year    = {2016}
}

@article{cabezas2011review,
  title     = {A review of atlas-based segmentation for magnetic resonance brain images},
  author    = {Cabezas, Mariano and Oliver, Arnau and Llad{\'o}, Xavier and Freixenet, Jordi and Cuadra, Meritxell Bach},
  journal   = {Computer methods and programs in biomedicine},
  volume    = {104},
  number    = {3},
  pages     = {e158--e177},
  year      = {2011},
  publisher = {Elsevier}
}

@inproceedings{cao2018deep,
  title        = {Deep learning based inter-modality image registration supervised by intra-modality similarity},
  author       = {Cao, Xiaohuan and Yang, Jianhuan and Wang, Li and Xue, Zhong and Wang, Qian and Shen, Dinggang},
  booktitle    = {Machine Learning in Medical Imaging: 9th International Workshop, MLMI 2018, Held in Conjunction with MICCAI 2018, Granada, Spain, September 16, 2018, Proceedings 9},
  pages        = {55--63},
  year         = {2018},
  organization = {Springer}
}

@inproceedings{chen2021exploring,
  title     = {Exploring simple siamese representation learning},
  author    = {Chen, Xinlei and He, Kaiming},
  booktitle = {Proceedings of the IEEE/CVF conference on computer vision and pattern recognition},
  pages     = {15750--15758},
  year      = {2021}
}

@inproceedings{de2017end,
  title        = {End-to-end unsupervised deformable image registration with a convolutional neural network},
  author       = {De Vos, Bob D and Berendsen, Floris F and Viergever, Max A and Staring, Marius and I{\v{s}}gum, Ivana},
  booktitle    = {Deep Learning in Medical Image Analysis and Multimodal Learning for Clinical Decision Support: Third International Workshop, DLMIA 2017, and 7th International Workshop, ML-CDS 2017, Held in Conjunction with MICCAI 2017, Qu{\'e}bec City, QC, Canada, September 14, Proceedings 3},
  pages        = {204--212},
  year         = {2017},
  organization = {Springer}
}

@article{de2019deep,
  title     = {A deep learning framework for unsupervised affine and deformable image registration},
  author    = {De Vos, Bob D and Berendsen, Floris F and Viergever, Max A and Sokooti, Hessam and Staring, Marius and I{\v{s}}gum, Ivana},
  journal   = {Medical image analysis},
  volume    = {52},
  pages     = {128--143},
  year      = {2019},
  publisher = {Elsevier}
}

@inproceedings{dosovitskiy2015flownet,
  title     = {Flownet: Learning optical flow with convolutional networks},
  author    = {Dosovitskiy, Alexey and Fischer, Philipp and Ilg, Eddy and Hausser, Philip and Hazirbas, Caner and Golkov, Vladimir and Van Der Smagt, Patrick and Cremers, Daniel and Brox, Thomas},
  booktitle = {Proceedings of the IEEE international conference on computer vision},
  pages     = {2758--2766},
  year      = {2015}
}

@article{dufumier2022openbhb,
  title     = {Openbhb: a large-scale multi-site brain mri data-set for age prediction and debiasing},
  author    = {Dufumier, Benoit and Grigis, Antoine and Victor, Julie and Ambroise, Corentin and Frouin, Vincent and Duchesnay, Edouard},
  journal   = {NeuroImage},
  volume    = {263},
  pages     = {119637},
  year      = {2022},
  publisher = {Elsevier}
}

@article{fan2019birnet,
  title     = {BIRNet: Brain image registration using dual-supervised fully convolutional networks},
  author    = {Fan, Jingfan and Cao, Xiaohuan and Yap, Pew-Thian and Shen, Dinggang},
  journal   = {Medical image analysis},
  volume    = {54},
  pages     = {193--206},
  year      = {2019},
  publisher = {Elsevier}
}

@article{fuDeepLearningMedical2019,
  title     = {Deep learning in medical image registration: a review},
  author    = {Fu, Yabo and Lei, Yang and Wang, Tonghe and Curran, Walter J and Liu, Tian and Yang, Xiaofeng},
  journal   = {Physics in Medicine \& Biology},
  volume    = {65},
  number    = {20},
  pages     = {20TR01},
  year      = {2020},
  publisher = {IOP Publishing}
}

@article{ganser2004deformable,
  title     = {A deformable digital brain atlas system according to Talairach and Tournoux},
  author    = {Ganser, Klaus A and Dickhaus, Hartmut and Metzner, Roland and Wirtz, Christian R},
  journal   = {Medical Image Analysis},
  volume    = {8},
  number    = {1},
  pages     = {3--22},
  year      = {2004},
  publisher = {Elsevier}
}

@inproceedings{hu2018squeeze,
  title     = {Squeeze-and-excitation networks},
  author    = {Hu, Jie and Shen, Li and Sun, Gang},
  booktitle = {Proceedings of the IEEE conference on computer vision and pattern recognition},
  pages     = {7132--7141},
  year      = {2018}
}

@article{jaderberg2015spatial,
  title   = {Spatial transformer networks},
  author  = {Jaderberg, Max and Simonyan, Karen and Zisserman, Andrew and others},
  journal = {Advances in neural information processing systems},
  volume  = {28},
  year    = {2015}
}

@article{liu2019multimodal,
  title     = {Multimodal medical image registration via common representations learning and differentiable geometric constraints},
  author    = {Liu, Cong and Ma, Longhua and Lu, Zheming and Jin, Xiance and Xu, Jingyun},
  journal   = {Electronics Letters},
  volume    = {55},
  number    = {6},
  pages     = {316--318},
  year      = {2019},
  publisher = {Wiley Online Library}
}

@article{liu2024finite,
  title     = {On finite difference jacobian computation in deformable image registration},
  author    = {Liu, Yihao and Chen, Junyu and Wei, Shuwen and Carass, Aaron and Prince, Jerry},
  journal   = {International Journal of Computer Vision},
  pages     = {1--11},
  year      = {2024},
  publisher = {Springer}
}

@inproceedings{liu2024mutualreg,
  title        = {Mutualreg: Mutual Learning for Unsupervised Medical Image Registration},
  author       = {Liu, Jun and Wang, Wenyi and Shen, Nuo and Wang, Wei and Wang, Kuanquan and Li, Qince and Yuan, Yongfeng and Zhang, Henggui and Luo, Gongning},
  booktitle    = {ICASSP 2024-2024 IEEE International Conference on Acoustics, Speech and Signal Processing (ICASSP)},
  pages        = {1561--1565},
  year         = {2024},
  organization = {IEEE}
}

@inproceedings{long2015fully,
  title     = {Fully convolutional networks for semantic segmentation},
  author    = {Long, Jonathan and Shelhamer, Evan and Darrell, Trevor},
  booktitle = {Proceedings of the IEEE conference on computer vision and pattern recognition},
  pages     = {3431--3440},
  year      = {2015}
}

@article{marcus2007open,
  title     = {Open Access Series of Imaging Studies (OASIS): cross-sectional MRI data in young, middle aged, nondemented, and demented older adults},
  author    = {Marcus, Daniel S and Wang, Tracy H and Parker, Jamie and Csernansky, John G and Morris, John C and Buckner, Randy L},
  journal   = {Journal of cognitive neuroscience},
  volume    = {19},
  number    = {9},
  pages     = {1498--1507},
  year      = {2007},
  publisher = {MIT Press One Rogers Street, Cambridge, MA 02142-1209, USA journals-info~…}
}

@article{miao2016cnn,
  title     = {A CNN regression approach for real-time 2D/3D registration},
  author    = {Miao, Shun and Wang, Z Jane and Liao, Rui},
  journal   = {IEEE transactions on medical imaging},
  volume    = {35},
  number    = {5},
  pages     = {1352--1363},
  year      = {2016},
  publisher = {IEEE}
}

@inproceedings{miao2016real,
  title        = {Real-time 2D/3D registration via CNN regression},
  author       = {Miao, Shun and Wang, Z Jane and Zheng, Yefeng and Liao, Rui},
  booktitle    = {2016 IEEE 13th International Symposium on Biomedical Imaging (ISBI)},
  pages        = {1430--1434},
  year         = {2016},
  organization = {IEEE}
}

@inproceedings{ronneberger2015u,
  title        = {U-net: Convolutional networks for biomedical image segmentation},
  author       = {Ronneberger, Olaf and Fischer, Philipp and Brox, Thomas},
  booktitle    = {Medical image computing and computer-assisted intervention--MICCAI 2015: 18th international conference, Munich, Germany, October 5-9, 2015, proceedings, part III 18},
  pages        = {234--241},
  year         = {2015},
  organization = {Springer}
}

@inproceedings{siebert2022learn,
  title        = {Learn to fuse input features for large-deformation registration with differentiable convex-discrete optimisation},
  author       = {Siebert, Hanna and Heinrich, Mattias P},
  booktitle    = {International Workshop on Biomedical Image Registration},
  pages        = {119--123},
  year         = {2022},
  organization = {Springer}
}

@inproceedings{sun2018pwc,
  title     = {Pwc-net: Cnns for optical flow using pyramid, warping, and cost volume},
  author    = {Sun, Deqing and Yang, Xiaodong and Liu, Ming-Yu and Kautz, Jan},
  booktitle = {Proceedings of the IEEE conference on computer vision and pattern recognition},
  pages     = {8934--8943},
  year      = {2018}
}

@article{ulyanov2016instance,
  title   = {Instance normalization: The missing ingredient for fast stylization},
  author  = {Ulyanov, D},
  journal = {arXiv preprint arXiv:1607.08022},
  year    = {2016}
}

@inproceedings{uzunova2017training,
  title        = {Training CNNs for image registration from few samples with model-based data augmentation},
  author       = {Uzunova, Hristina and Wilms, Matthias and Handels, Heinz and Ehrhardt, Jan},
  booktitle    = {Medical Image Computing and Computer Assisted Intervention- MICCAI 2017: 20th International Conference, Quebec City, QC, Canada, September 11-13, 2017, Proceedings, Part I 20},
  pages        = {223--231},
  year         = {2017},
  organization = {Springer}
}

@article{vercauteren2009diffeomorphic,
  title     = {Diffeomorphic demons: Efficient non-parametric image registration},
  author    = {Vercauteren, Tom and Pennec, Xavier and Perchant, Aymeric and Ayache, Nicholas},
  journal   = {NeuroImage},
  volume    = {45},
  number    = {1},
  pages     = {S61--S72},
  year      = {2009},
  publisher = {Elsevier}
}

@article{wang2024pyramid,
  title   = {Pyramid Attention Network for Medical Image Registration},
  author  = {Wang, Zhuoyuan and Wang, Haiqiao and Wang, Yi},
  journal = {arXiv preprint arXiv:2402.09016},
  year    = {2024}
}

@inproceedings{xu2022double,
  title        = {Double-uncertainty guided spatial and temporal consistency regularization weighting for learning-based abdominal registration},
  author       = {Xu, Zhe and Luo, Jie and Lu, Donghuan and Yan, Jiangpeng and Frisken, Sarah and Jagadeesan, Jayender and Wells III, William M and Li, Xiu and Zheng, Yefeng and Tong, Raymond Kai-yu},
  booktitle    = {International Conference on Medical Image Computing and Computer-Assisted Intervention},
  pages        = {14--24},
  year         = {2022},
  organization = {Springer}
}

@article{yang2017quicksilver,
  title     = {Quicksilver: Fast predictive image registration--a deep learning approach},
  author    = {Yang, Xiao and Kwitt, Roland and Styner, Martin and Niethammer, Marc},
  journal   = {NeuroImage},
  volume    = {158},
  pages     = {378--396},
  year      = {2017},
  publisher = {Elsevier}
}

@INPROCEEDINGS{cnproceed,
	author    = {王重阳 and 黄药师 and 欧阳峰 and 洪七公 and 段皇帝},
	title     = {武林高手从入门到精通},
	booktitle = {第~$N$~次华山论剑},
	year      = 2006,
	address   = {西安, 中国},
	month     = sep,
	language   ="zh",
}

@ARTICLE{cnarticle,
	AUTHOR  = "贾宝玉 and 林黛玉 and 薛宝钗 and 贾探春",
	TITLE   = "论刘姥姥食量大如牛之现实意义",
	JOURNAL = "红楼梦杂谈",
	PAGES   = "260--266",
	VOLUME  = "224",
	YEAR    = "1800",
	language   ="zh",
}


@inbook{Lin1992,
	language   ="zh",
	AUTHOR     = "林来兴",
	TITLE      = "空间控制技术",
	PUBLISHER  = "宇航出版社",
	YEAR       = "1992",
	Pages      = "25-42",
	ADDRESS    = "北京",
}

@book{xin1994,
	language   ="zh",
	title={信息技术与信息服务国际研讨会论文集},
	author={辛希孟 and 中国科学院文献信息中心 and 孟广均 and 信息学},
	year={1994},
	publisher={中国社会科学出版社},
	pages={45-49},
	address={北京},
	typeoflit={C},
}

@book{zhao1998,
	language   ="zh",
	title={新时代的工业工程师},
	author={赵耀东},
	year={1998},
	citedate =     {1998-09-26},
	address={台北},
	publisher={天下文化出版社},
	url={http://www.ie.nthu.edu.tw/info/ie.newie.htm(Big5)},
	typeoflit={M/OL},
}

@phdthesis{Chen1992,
	language   ="zh",
	Author = {谌颖},
	Title = {空间最优交会控制理论与方法研究},
	ADDRESS    = "哈尔滨",
	School = {哈尔滨工业大学},
	Year = {1992},
	pages= {8-13},
}

@article{hithesis2017,
	title={Hi!Thesis!,Harbin Institue of Technology},
	author={Yanshuo Chu},
	journal={Github},
	volume={001},
	number={0001},
	pages={000-999},
	year={2017},
}
